<?xml version="1.0" encoding="UTF-8"?><collection xmlns="http://www.loc.gov/MARC21/slim"><record><leader>00348nam--2200145-i-4500</leader><controlfield tag="001">000013321</controlfield><controlfield tag="002">20161230</controlfield><controlfield tag="005">20170207235306</controlfield><controlfield tag="008">060222s1000------------r-----000-0-eng-d</controlfield><datafield ind1=" " ind2=" " tag="100"><subfield code="a">Dumitru, I. F</subfield></datafield><datafield ind1=" " ind2=" " tag="245"><subfield code="a">Biochimie</subfield></datafield><datafield ind1=" " ind2=" " tag="260"><subfield code="a">Bucuresti</subfield><subfield code="b">Ed.Didact.Si Pedagog</subfield><subfield code="c">1980</subfield></datafield><datafield ind1=" " ind2=" " tag="300"><subfield code="a">981 p</subfield></datafield><datafield ind1=" " ind2=" " tag="852"><subfield code="a">577.1(075.8)</subfield></datafield><datafield ind1=" " ind2=" " tag="CAT"><subfield code="a">SYS</subfield><subfield code="c">20170207</subfield><subfield code="h">235306</subfield></datafield></record></collection>